@article{Silling2000,
    title = {Reformulation of elasticity theory for discontinuities and long-range forces},
    journal = {Journal of the Mechanics and Physics of Solids},
    volume = {48},
    number = {1},
    pages = {175-209},
    year = {2000},
    issn = {0022-5096},
    doi = {10.1016/S0022-5096(99)00029-0},
    author = {S.A. Silling},
    keywords = {Dynamics, Elastic material, Fracture, Stability and bifurcation, Stress waves},
}

@article{Silling2005,
    author = {Silling, S.A. and Askari, E.},
    year = {2005},
    month = {06},
    pages = {1526-1535},
    title = {A meshfree method based on the peridynamic model of solid mechanics},
    volume = {83},
    journal = {Computers \& Structures},
    doi = {10.1016/j.compstruc.2004.11.026}
}

@article{Silling2005a,
    title = {Peridynamic modeling of membranes and fibers},
    journal = {International Journal of Non-Linear Mechanics},
    volume = {40},
    number = {2},
    pages = {395-409},
    year = {2005},
    note = {Special Issue in Honour of C.O. Horgan},
    issn = {0020-7462},
    doi = {10.1016/j.ijnonlinmec.2004.08.004},
    author = {S.A. Silling and F. Bobaru},
    keywords = {Elasticity, Membranes, Dynamic fracture, Rubber},
}

@article{Silling2007,
    author = {Silling, S. and Epton, Michael and Weckner, Olaf and Xu, Jifeng and Askari, E.},
    year = {2007},
    month = {01},
    pages = {151-184},
    title = {Peridynamic States and Constitutive Modeling},
    volume = {88},
    journal = {Journal of Elasticity},
    doi = {10.1007/s10659-007-9125-1}
}

@article{Javili2019,
	author = {Javili, Ali and McBride, A. and Steinmann, Paul},
	year = {2019},
	month = {07},
	pages = {},
	title = {Continuum-kinematics-inspired peridynamics. Mechanical problems},
	volume = {131},
	journal = {Journal of the Mechanics and Physics of Solids},
	doi = {10.1016/j.jmps.2019.06.016}
}

@article{Bezanson2017julia,
  title     = {Julia: A fresh approach to numerical computing},
  author    = {Bezanson, Jeff and Edelman, Alan and Karpinski, Stefan and Shah, Viral B},
  doi       = {10.1137/141000671},
  journal   = {SIAM review},
  volume    = {59},
  number    = {1},
  pages     = {65--98},
  year      = {2017},
  publisher = {SIAM}
}

@article{Diehl2019,
  author   = {Diehl, Patrick and Prudhomme, Serge and L{\'e}vesque, Martin},
  doi      = {10.1007/s42102-018-0004-x},
  journal  = {Journal of Peridynamics and Nonlocal Modeling},
  language = {en},
  number   = {1},
  pages    = {14--35},
  title    = {A {Review} of {Benchmark} {Experiments} for the {Validation} of {Peridynamics} {Models}},
  volume   = {1},
  year     = {2019}
}

@article{Friebertshaeuser2022AIMS,
  title   = {Dynamic fracture with continuum-kinematics-based peridynamics},
  journal = {AIMS Materials Science},
  volume  = {9},
  number  = {6},
  pages   = {791-807},
  year    = {2022},
  doi     = {10.3934/matersci.2022049},
  author  = {Kai {Friebertsh{\"a}user (Partmann)} and Christian Wieners and Kerstin Weinberg}
}

@article{Friebertshaeuser2022PAMM,
  title     = {Dynamic fracture with a continuum-kinematics-based peridynamic and a phase-field approach},
  author    = {{Friebertsh{\"a}user (Partmann)}, Kai and Thomas, Marita and Tornquist, Sven and Weinberg, Kerstin and Wieners, Christian},
  journal   = {PAMM},
  volume    = {22},
  number    = {1},
  pages     = {e202200217},
  year      = {2023},
  publisher = {Wiley Online Library},
  doi       = {10.1002/pamm.202200217}
}

@article{Javili2019,
  author  = {Javili, Ali and McBride, A. and Steinmann, Paul},
  year    = {2019},
  month   = {07},
  pages   = {},
  title   = {Continuum-kinematics-inspired peridynamics. Mechanical problems},
  volume  = {131},
  journal = {Journal of the Mechanics and Physics of Solids},
  doi     = {10.1016/j.jmps.2019.06.016}
}

@article{Javili2019Review,
  author   = {Javili, Ali and Morasata, Rico and Oterkus, Erkan and Oterkus, Selda},
  doi      = {10.1177/1081286518803411},
  journal  = {Mathematics and Mechanics of Solids},
  language = {en},
  number   = {11},
  pages    = {3714--3739},
  title    = {Peridynamics review},
  volume   = {24},
  year     = {2019}
}

@article{Jha2021,
  doi       = {10.21105/joss.03020},
  year      = {2021},
  publisher = {The Open Journal},
  volume    = {6},
  number    = {65},
  pages     = {3020},
  author    = {Prashant K. Jha and Patrick Diehl},
  title     = {NLMech: Implementation of finite difference/meshfree discretization of nonlocal fracture models},
  journal   = {Journal of Open Source Software}
}

@article{Kilic2010,
  title   = {An adaptive dynamic relaxation method for quasi-static simulations using the peridynamic theory},
  journal = {Theoretical and Applied Fracture Mechanics},
  volume  = {53},
  number  = {3},
  pages   = {194-204},
  year    = {2010},
  doi     = {10.1016/j.tafmec.2010.08.001},
  author  = {Bahattin Kilic and Erdogan Madenci}
}

@book{Madenci2014,
  address   = {New York},
  author    = {Madenci, Erdogan and Oterkus, Erkan},
  doi       = {10.1007/978-1-4614-8465-3},
  language  = {en},
  publisher = {Springer New York},
  title     = {Peridynamic {Theory} and {Its} {Applications}},
  year      = {2014}
}

@article{Partmann2023IJF,
  author  = {Partmann, Kai and Wieners, Christian and Weinberg, Kerstin},
  doi     = {10.1007/s10704-023-00726-7},
  id      = {Partmann2023},
  isbn    = {1573-2673},
  journal = {International Journal of Fracture},
  title   = {Continuum-kinematics-based peridynamics and phase-field approximation of non-local dynamic fracture},
  year    = {2023}
}

@article{Partmann2024AAM,
  author    = {Partmann, Kai and Dienst, Manuel and Weinberg, Kerstin},
  journal   = {Archive of Applied Mechanics},
  title     = {Peridynamic computations of wave propagation and reflection at material interfaces},
  year      = {2024},
  issn      = {1432-0681},
  month     = {jul},
  doi       = {10.1007/s00419-024-02646-x},
  publisher = {Springer Science and Business Media LLC}
}


@article{Partmann2024PAMM,
  author = {Partmann, Kai and Dienst, Manuel and Wieners, Christian and Weinberg, Kerstin},
  title = {Peridynamic computations for thin elastic rods},
  journal = {PAMM},
  year = {2024},
  pages = {e202400103},
  doi = {https://doi.org/10.1002/pamm.202400103},
  url = {https://onlinelibrary.wiley.com/doi/abs/10.1002/pamm.202400103},
  eprint = {https://onlinelibrary.wiley.com/doi/pdf/10.1002/pamm.202400103}
}

@article{Peridigm2024,
  author  = {Littlewood, David J. and Parks, Michael L. and Foster, John T. and Mitchell, John A. and Diehl, Patrick},
  date    = {2024/03/01},
  doi     = {10.1007/s42102-023-00100-0},
  id      = {Littlewood2024},
  journal = {Journal of Peridynamics and Nonlocal Modeling},
  number  = {1},
  pages   = {118--148},
  title   = {The Peridigm Meshfree Peridynamics Code},
  volume  = {6},
  year    = {2024}
}

@article{PeriPy2021,
  title   = {PeriPy - A high performance OpenCL peridynamics package},
  journal = {Computer Methods in Applied Mechanics and Engineering},
  volume  = {386},
  pages   = {114085},
  year    = {2021},
  issn    = {0045-7825},
  doi     = {10.1016/j.cma.2021.114085},
  author  = {B. Boys and T.J. Dodwell and M. Hobbs and M. Girolami}
}

@article{Silling2000,
  author   = {S. A. Silling},
  doi      = {10.1016/S0022-5096(99)00029-0},
  issn     = {0022-5096},
  journal  = {Journal of the Mechanics and Physics of Solids},
  keywords = {Dynamics, Elastic material, Fracture, Stability and bifurcation, Stress waves},
  number   = {1},
  pages    = {175 - 209},
  title    = {Reformulation of elasticity theory for discontinuities and long-range forces},
  volume   = {48},
  year     = {2000}
}

@article{Silling2007,
  author   = {Silling, S. A. and Epton, M. and Weckner, O. and Xu, J. and Askari, E.},
  doi      = {10.1007/s10659-007-9125-1},
  journal  = {Journal of Elasticity},
  language = {en},
  number   = {2},
  pages    = {151--184},
  title    = {Peridynamic {States} and {Constitutive} {Modeling}},
  url      = {http://link.springer.com/10.1007/s10659-007-9125-1},
  urldate  = {2020-10-15},
  volume   = {88},
  year     = {2007}
}

@article{Tornquist2022PAMM,
  author  = {{Friebertsh{\"a}user (Partmann)}, Kai and Thomas, Marita and Tornquist, Sven and Weinberg, Kerstin and Wieners, Christian},
  title   = {Dynamic Phase-Field Fracture in Viscoelastic Materials using a First-Order Formulation},
  journal = {PAMM},
  volume  = {22},
  number  = {1},
  pages   = {e202200249},
  doi     = {10.1002/pamm.202200249},
  year    = {2023}
}

@article{Trageser2020,
  author   = {Trageser, Jeremy and Seleson, Pablo},
  doi      = {10.1007/s42102-019-00021-x},
  journal  = {Journal of Peridynamics and Nonlocal Modeling},
  language = {en},
  number   = {3},
  pages    = {278--288},
  title    = {Bond-{Based} {Peridynamics}: a {Tale} of {Two} {Poisson}'s {Ratios}},
  volume   = {2},
  year     = {2020}
}

@article{Willberg2023,
  title    = {A user material interface for the Peridynamic Peridigm framework},
  journal  = {SoftwareX},
  volume   = {21},
  pages    = {101322},
  year     = {2023},
  doi      = {10.1016/j.softx.2023.101322},
  author   = {Christian Willberg and Jan-Timo Hesse and Marc Garbade and Martin RÃ¤del and Falk Heinecke and Andreas Schuster and Anna Pernatii},
  keywords = {Peridynamics, User material, UMAT, Interface, Material modeling, Damage model}
}