@article{bezanson2017julia,
  title     = {Julia: A fresh approach to numerical computing},
  author    = {Bezanson, Jeff and Edelman, Alan and Karpinski, Stefan and Shah, Viral B},
  doi       = {10.1137/141000671},
  journal   = {SIAM review},
  volume    = {59},
  number    = {1},
  pages     = {65--98},
  year      = {2017},
  publisher = {SIAM}
}

@article{Friebertshaeuser2022AIMS,
  title   = {Dynamic fracture with continuum-kinematics-based peridynamics},
  journal = {AIMS Materials Science},
  volume  = {9},
  number  = {6},
  pages   = {791-807},
  year    = {2022},
  doi     = {10.3934/matersci.2022049},
  author  = {Kai {Friebertsh{\"a}user (Partmann)} and Christian Wieners and Kerstin Weinberg},
}

@article{Friebertshaeuser2022PAMM,
  title     = {Dynamic fracture with a continuum-kinematics-based peridynamic and a phase-field approach},
  author    = {{Friebertsh{\"a}user (Partmann)}, Kai and Thomas, Marita and Tornquist, Sven and Weinberg, Kerstin and Wieners, Christian},
  journal   = {PAMM},
  volume    = {22},
  number    = {1},
  pages     = {e202200217},
  year      = {2023},
  publisher = {Wiley Online Library},
  doi       = {10.1002/pamm.202200217}
}

@article{Partmann2023IJF,
  author  = {Partmann, Kai and Wieners, Christian and Weinberg, Kerstin},
  doi     = {10.1007/s10704-023-00726-7},
  id      = {Partmann2023},
  isbn    = {1573-2673},
  journal = {International Journal of Fracture},
  title   = {Continuum-kinematics-based peridynamics and phase-field approximation of non-local dynamic fracture},
  year    = {2023}
}

@article{Partmann2024AAM,
  author  = {Kai Partmann and Manuel Dienst and Kerstin Weinberg},
  journal = {submitted to Archive of Applied Mechanics},
  number  = {},
  title   = {Peridynamic computations of wave propagation and reflection at material interfaces},
  volume  = {},
  year    = {2024}
}

@article{Partmann2024PAMM,
  author  = {Kai Partmann and Manuel Dienst and Christian Wieners and Kerstin Weinberg},
  journal = {submitted to PAMM},
  number  = {},
  title   = {Peridynamic computations for thin elastic rods},
  volume  = {},
  year    = {2024}
}

@article{Tornquist2022PAMM,
  author  = {{Friebertsh{\"a}user (Partmann)}, Kai and Thomas, Marita and Tornquist, Sven and Weinberg, Kerstin and Wieners, Christian},
  title   = {Dynamic Phase-Field Fracture in Viscoelastic Materials using a First-Order Formulation},
  journal = {PAMM},
  volume  = {22},
  number  = {1},
  pages   = {e202200249},
  doi     = {10.1002/pamm.202200249},
  year    = {2023}
}